@inproceedings{
	OPNFV,
	booktitle = "Understanding {OPNFV}",
	title = "Accelerate {NFV} {T}ransformation using {OPNFV}",
	author = "Amar Kapadia and Nicholas Chase",
	year = 2018,
}

@inproceedings{
	ETSI,
	title = "{N}etwork {F}unctions {V}irtualisation ({NFV}); {A}rchitectural {F}ramework",
	booktitle = "{ETSI} {GS} {NFV} {V}002",
	year = 2013,
}

@article{
 Docker, 
 author = {Merkel, Dirk},
 title = {Docker: Lightweight Linux Containers for Consistent Development and Deployment},
 journal = {Linux J.},
 issue_date = {March 2014},
 volume = {2014},
 number = {239},
 month = mar,
 year = {2014},
 issn = {1075-3583},
 articleno = {2},
 url = {http://dl.acm.org/citation.cfm?id=2600239.2600241},
 publisher = {Belltown Media},
 address = {Houston, TX},
} 

@online{
	vhost-net,
	title = "Using{V}host",
	url = "http://www.linux-kvm.org/page/UsingVhost",
	urldate = {2018-01-31},
}

@inproceedings{
 OVS,
 author = {Pfaff, Ben and Pettit, Justin and Koponen, Teemu and Jackson, Ethan J. and Zhou, Andy and Rajahalme, Jarno and Gross, Jesse and Wang, Alex and Stringer, Jonathan and Shelar, Pravin and Amidon, Keith and Casado, Mart\'{\i}n},
 title = {The Design and Implementation of Open vSwitch},
 booktitle = {Proceedings of the 12th USENIX Conference on Networked Systems Design and Implementation},
 series = {NSDI'15},
 year = {2015},
 isbn = {978-1-931971-218},
 location = {Oakland, CA},
 pages = {117--130},
 numpages = {14},
 url = {http://dl.acm.org/citation.cfm?id=2789770.2789779},
 acmid = {2789779},
 publisher = {USENIX Association},
 address = {Berkeley, CA, USA},
} 

@online{
	KVM,
	title = "{KVM}",
	url = "https://www.linux-kvm.org/page/Main_Page",
	urldate = {2018-01-31},
}

@online{
	NAPI,
	title = "{Napi}",
	url = "https://wiki.linuxfoundation.org/networking/napi",
	urldate = {2018-01-31},
}

@inproceedings{
 Netmap,
 author = {Rizzo, Luigi},
 title = {Netmap: A Novel Framework for Fast Packet I/O},
 booktitle = {Proceedings of the 2012 USENIX Conference on Annual Technical Conference},
 series = {USENIX ATC'12},
 year = {2012},
 location = {Boston, MA},
 pages = {9--9},
 numpages = {1},
 url = {http://dl.acm.org/citation.cfm?id=2342821.2342830},
 acmid = {2342830},
 publisher = {USENIX Association},
 address = {Berkeley, CA, USA},
} 

@online{
	DPDK,
	title = "{DPDK}",
	url = "http://dpdk.org",
	urldate = {2018-01-31},
}

@online{
	XDP,
	title = "{XDP}",
	url = "https://www.iovisor.org/technology/xdp",
	urldate = {2018-01-31},
}

@online{
	virtio,
	title = "KVM: Virtio",
	url = "https://www.linux-kvm.org/page/Virtio",
	urldate = {2018-01-31},
}

@article{
 OpenFlow,
 author = {McKeown, Nick and Anderson, Tom and Balakrishnan, Hari and Parulkar, Guru and Peterson, Larry and Rexford, Jennifer and Shenker, Scott and Turner, Jonathan},
 title = {OpenFlow: Enabling Innovation in Campus Networks},
 journal = {SIGCOMM Comput. Commun. Rev.},
 issue_date = {April 2008},
 volume = {38},
 number = {2},
 month = mar,
 year = {2008},
 issn = {0146-4833},
 pages = {69--74},
 numpages = {6},
 url = {http://doi.acm.org/10.1145/1355734.1355746},
 doi = {10.1145/1355734.1355746},
 acmid = {1355746},
 publisher = {ACM},
 address = {New York, NY, USA},
 keywords = {ethernet switch, flow-based, virtualization},
} 

@book{
Kubernetes,
title = {Kubernetes - Scheduling the Future at Cloud Scale},
author  = {David K. Rensin},
year  = {2015},
URL = {http://www.oreilly.com/webops-perf/free/kubernetes.csp},
booktitle = {OSCON 2015},
pages = {All},
address = {1005 Gravenstein Highway North Sebastopol, CA 95472}
}

@online{
	CFS,
	title = "{CFS} {S}cheduler",
	url = "https://www.kernel.org/doc/Documentation/scheduler/sched-design-CFS.txt",
	urldate = {2018-01-31},
}

@misc{
	NSH,
	series =	{Request for Comments},
	number =	8300,
	howpublished =	{RFC 8300},
	publisher =	{RFC Editor},
	doi =		{10.17487/RFC8300},
	url =		{https://rfc-editor.org/rfc/rfc8300.txt},
        author =	{Paul Quinn and Uri Elzur and Carlos Pignataro},
	title =		{{Network Service Header (NSH)}},
	pagetotal =	40,
	year =		2018,
	month =		jan,
	abstract =	{This document describes a Network Service Header (NSH) imposed on packets or frames to realize Service Function Paths (SFPs). The NSH also provides a mechanism for metadata exchange along the instantiated service paths. The NSH is the Service Function Chaining (SFC) encapsulation required to support the SFC architecture (defined in RFC 7665).},
}

@online{
	OpenDaylight,
	title = "Open{D}aylight {P}roject",
	url = "https://www.sdxcentral.com/projects/opendaylight-project/",
	urldate = {2018-01-31},
}

@misc{
	DMA,
	title = "DMA Fundamentals",
	url = "http://cires1.colorado.edu/jimenez-group/QAMSResources/Docs/DMAFundamentals.pdf",
}

@inproceedings{
 flurries,
 author = {Zhang, Wei and Hwang, Jinho and Rajagopalan, Shriram and Ramakrishnan, K.K. and Wood, Timothy},
 title = {Flurries: Countless Fine-Grained NFs for Flexible Per-Flow Customization},
 booktitle = {Proceedings of the 12th International on Conference on Emerging Networking EXperiments and Technologies},
 series = {CoNEXT '16},
 year = {2016},
 isbn = {978-1-4503-4292-6},
 location = {Irvine, California, USA},
 pages = {3--17},
 numpages = {15},
 url = {http://doi.acm.org/10.1145/2999572.2999602},
 doi = {10.1145/2999572.2999602},
 acmid = {2999602},
 publisher = {ACM},
 address = {New York, NY, USA},
 keywords = {cloud computing, network function virtualization, resource management, scheduling},
} 

